<record><leader>00000cas a22000007a 4500</leader><controlfield tag="001">14575316</controlfield><controlfield tag="008">861030d19671977inuwr ne      0    0eng d</controlfield><datafield ind1=" " ind2=" " tag="010"><subfield code="a">sn 86058877 </subfield></datafield><datafield ind1=" " ind2=" " tag="040"><subfield code="a">NPI</subfield><subfield code="b">eng</subfield><subfield code="c">NPI</subfield><subfield code="d">OCL</subfield><subfield code="d">OCLCQ</subfield></datafield><datafield ind1=" " ind2=" " tag="042"><subfield code="a">msc</subfield></datafield><datafield ind1="0" ind2=" " tag="130"><subfield code="a">Tell City news (Tell City, Ind. : 1967)</subfield></datafield><datafield ind1="1" ind2="4" tag="245"><subfield code="a">The Tell City news.</subfield></datafield><datafield ind1=" " ind2=" " tag="260"><subfield code="a">Tell City, Ind. :</subfield><subfield code="b">News Pub. Co.,</subfield><subfield code="c">1967-1977.</subfield></datafield><datafield ind1=" " ind2=" " tag="300"><subfield code="a">v.</subfield></datafield><datafield ind1=" " ind2=" " tag="310"><subfield code="a">Weekly</subfield></datafield><datafield ind1="0" ind2=" " tag="362"><subfield code="a">Vol. 76, no. 34 (Jan. 26, 1967)-v.86, no. 64 (Mar. 31, 1977).</subfield></datafield><datafield ind1=" " ind2=" " tag="752"><subfield code="a">United States</subfield><subfield code="b">Indiana</subfield><subfield code="c">Perry</subfield><subfield code="d">Tell City.</subfield></datafield><datafield ind1="0" ind2="0" tag="780"><subfield code="t">Tell City Thursday news</subfield><subfield code="w">(DLC)sn 86058022</subfield><subfield code="w">(OCoLC)13054642</subfield></datafield><datafield ind1="0" ind2="7" tag="785"><subfield code="t">Cannelton news (Cannelton, Ind. : 1972)</subfield><subfield code="w">(DLC)sn 86058876</subfield></datafield><datafield ind1="0" ind2="7" tag="785"><subfield code="t">News (Tell City, Ind.)</subfield><subfield code="w">(DLC)sn 86013727</subfield><subfield code="w">(OCoLC)13079489</subfield></datafield></record>